@String(PAMI = {IEEE Trans. Pattern Anal. Mach. Intell.})
@String(IJCV = {Int. J. Comput. Vis.})
@String(CVPR= {IEEE Conf. Comput. Vis. Pattern Recog.})
@String(ICCV= {Int. Conf. Comput. Vis.})
@String(ECCV= {Eur. Conf. Comput. Vis.})
@String(NIPS= {Adv. Neural Inform. Process. Syst.})
@String(ICPR = {Int. Conf. Pattern Recog.})
@String(BMVC= {Brit. Mach. Vis. Conf.})
@String(TOG= {ACM Trans. Graph.})
@String(TIP  = {IEEE Trans. Image Process.})
@String(TVCG  = {IEEE Trans. Vis. Comput. Graph.})
@String(TMM  = {IEEE Trans. Multimedia})
@String(ACMMM= {ACM Int. Conf. Multimedia})
@String(ICME = {Int. Conf. Multimedia and Expo})
@String(ICASSP=	{ICASSP})
@String(ICIP = {IEEE Int. Conf. Image Process.})
@String(ACCV  = {ACCV})
@String(ICLR = {Int. Conf. Learn. Represent.})
@String(IJCAI = {IJCAI})
@String(PR   = {Pattern Recognition})
@String(AAAI = {AAAI})
@String(CVPRW= {IEEE Conf. Comput. Vis. Pattern Recog. Worksh.})
@String(CSVT = {IEEE Trans. Circuit Syst. Video Technol.})

@String(SPL	= {IEEE Sign. Process. Letters})
@String(VR   = {Vis. Res.})
@String(JOV	 = {J. Vis.})
@String(TVC  = {The Vis. Comput.})
@String(JCST  = {J. Comput. Sci. Tech.})
@String(CGF  = {Comput. Graph. Forum})
@String(CVM = {Computational Visual Media})


@String(PAMI  = {IEEE TPAMI})
@String(IJCV  = {IJCV})
@String(CVPR  = {CVPR})
@String(ICCV  = {ICCV})
@String(ECCV  = {ECCV})
@String(NIPS  = {NeurIPS})
@String(ICPR  = {ICPR})
@String(BMVC  =	{BMVC})
@String(TOG   = {ACM TOG})
@String(TIP   = {IEEE TIP})
@String(TVCG  = {IEEE TVCG})
@String(TCSVT = {IEEE TCSVT})
@String(TMM   =	{IEEE TMM})
@String(ACMMM = {ACM MM})
@String(ICME  =	{ICME})
@String(ICASSP=	{ICASSP})
@String(ICIP  = {ICIP})
@String(ACCV  = {ACCV})
@String(ICLR  = {ICLR})
@String(IJCAI = {IJCAI})
@String(PR = {PR})
@String(AAAI = {AAAI})
@String(CVPRW= {CVPRW})
@String(CSVT = {IEEE TCSVT})



@misc{Authors14,
  author = {FirstName LastName},
  title  = {The frobnicatable foo filter},
  note   = {Face and Gesture submission ID 324. Supplied as supplemental material {\tt fg324.pdf}},
  year   = 2014
}

@misc{Authors14b,
  author = {FirstName LastName},
  title  = {Frobnication tutorial},
  note   = {Supplied as supplemental material {\tt tr.pdf}},
  year   = 2014
}

@article{Alpher02,
  author  = {FirstName Alpher},
  title   = {Frobnication},
  journal = PAMI,
  volume  = 12,
  number  = 1,
  pages   = {234--778},
  year    = 2002
}

@article{Alpher03,
  author  = {FirstName Alpher and  FirstName Fotheringham-Smythe},
  title   = {Frobnication revisited},
  journal = {Journal of Foo},
  volume  = 13,
  number  = 1,
  pages   = {234--778},
  year    = 2003
}

@article{Alpher04,
  author  = {FirstName Alpher and FirstName Fotheringham-Smythe and FirstName Gamow},
  title   = {Can a machine frobnicate?},
  journal = {Journal of Foo},
  volume  = 14,
  number  = 1,
  pages   = {234--778},
  year    = 2004
}

@inproceedings{Alpher05,
  author    = {FirstName Alpher and FirstName Gamow},
  title     = {Can a computer frobnicate?},
  booktitle = CVPR,
  pages     = {234--778},
  year      = 2005
}

@inproceedings{semanticDiffusion2023,
  author    = {Zhou, Keyu and Wang, Wenbo and Chen, Yixuan and Liu, Zehua and Shi, Humphrey and Yuille, Alan},
  title     = {Semantic-Preserving Image Coding Based on Conditional Diffusion},
  booktitle = {IEEE Conference on Computer Vision and Pattern Recognition (CVPR)},
  year      = {2023},
  url       = {https://arxiv.org/abs/2303.15364}
}

@techreport{haines1992compression,
  author      = {Haines, Richard F. and Chuang, Sherry L.},
  title       = {The Effects of Video Compression on Acceptability of Images for Monitoring Life Sciences Experiments},
  institution = {NASA},
  number      = {NASA-TP-3239},
  year        = {1992},
  note        = {NASA Technical Report A-92040, NAS 1.60:3239},
  url         = {https://ntrs.nasa.gov/citations/19920024689}
}

@misc{jpegOverview2025,
  author       = {{Joint Photographic Experts Group}},
  title        = {Overview of JPEG 1},
  year         = {2025},
  howpublished = {\url{https://jpeg.org/jpeg/}},
  note         = {Archived from the original on 30 January 2025}
}

@article{wang2004image,
  title={Image quality assessment: from error visibility to structural similarity},
  author={Wang, Zhou and Bovik, Alan C and Sheikh, Hamid R and Simoncelli, Eero P},
  journal={IEEE Transactions on Image Processing},
  volume={13},
  number={4},
  pages={600--612},
  year={2004},
  month={Apr},
  doi={10.1109/TIP.2003.819861},
  pmid={15376593},
  publisher={IEEE}
}

@article{psnr,
author = {Q. Huynh-Thu  and M. Ghanbari },
title = {Scope of validity of PSNR in image/video quality assessment},
journal = {Electronics Letters},
volume = {44},
issue = {13},
pages = {800-801},
year = {2008},
doi = {10.1049/el:20080522},

URL = {https://digital-library.theiet.org/doi/abs/10.1049/el%3A20080522},
eprint = {https://digital-library.theiet.org/doi/pdf/10.1049/el%3A20080522}
,
    abstract = { Experimental data are presented that clearly demonstrate the scope of application of peak signal-to-noise ratio (PSNR) as a video quality metric. It is shown that as long as the video content and the codec type are not changed, PSNR is a valid quality measure. However, when the content is changed, correlation between subjective quality and PSNR is highly reduced. Hence PSNR cannot be a reliable method for assessing the video quality across different video contents. }
}

@INPROCEEDINGS{flif2016,
  author={Sneyers, Jon and Wuille, Pieter},
  booktitle={2016 IEEE International Conference on Image Processing (ICIP)}, 
  title={FLIF: Free lossless image format based on MANIAC compression}, 
  year={2016},
  volume={},
  number={},
  pages={66-70},
  keywords={Image color analysis;Context;Image coding;Transform coding;Encoding;Decoding;Quantization (signal);Digital images;compression algorithms},
  doi={10.1109/ICIP.2016.7532320}}


@inproceedings{jpegxl,title	= {JPEG XL next-generation image compression architecture and coding tools},author	= {Jyrki Alakuijala and Ruud van Asseldonk and Sami Boukortt and Martin Bruse and Iulia-Maria Comsa and Moritz Firsching and Thomas Fischbacher and Sebastian Gomez and Evgenii Kliuchnikov and Robert Obryk and Krzysztof Potempa and Alexander Rhatushnyak and Jon Sneyers and Zoltan Szabadka and Lode Vandevenne and Luca Versari and Jan Wassenberg},year	= {2019},URL	= {https://www.spiedigitallibrary.org/conference-proceedings-of-spie/11137/111370K/JPEG-XL-next-generation-image-compression-architecture-and-coding-tools/10.1117/12.2529237.full}}

@ARTICLE{sha48,
  author={Shannon, C. E.},
  journal={The Bell System Technical Journal}, 
  title={A mathematical theory of communication}, 
  year={1948},
  volume={27},
  number={3},
  pages={379-423},
  keywords={},
  doi={10.1002/j.1538-7305.1948.tb01338.x}}


@ARTICLE{Riley,

  author={Wyner, A.},

  journal={IEEE Transactions on Information Theory}, 

  title={Review of 'Information Theory and Reliable Communication' (Gallager, R. G.; 1968)}, 

  year={1970},

  volume={16},

  number={1},

  pages={103-104},

  keywords={},

  doi={10.1109/TIT.1970.1054414}}



@article{wiegand_source,
	title = {Source {Coding}: {Part} {I} of {Fundamentals} of {Source} and {Video} {Coding}},
	abstract = {Digital media technologies have become an integral part of the way we create, communicate, and consume information. At the core of these technologies are source coding methods that are described in this text. Based on the fundamentals of information and rate distortion theory, the most relevant techniques used in source coding algorithms are described: entropy coding, quantization as well as predictive and transform coding. The emphasis is put onto algorithms that are also used in video coding, which will be described in the other text of this two-part monograph.},
	language = {en},
	author = {Wiegand, Thomas and Schwarz, Heiko},
	file = {PDF:C\:\\Users\\nicol\\Zotero\\storage\\2XTKUCKJ\\Wiegand und Schwarz - Source Coding Part I of Fundamentals of Source and Video Coding.pdf:application/pdf},
}
